@article{janvcivc2016halophily,
  title = {Halophily reloaded: new insights into the extremophilic life-style of
           Wallemia with the description of Wallemia hederae sp. nov},
  author = {Jan{\v{c}}i{\v{c}}, Sa{\v{s}}o and Zalar, Polona and Kocev, Dragi
            and Schroers, Hans-Josef and D{\v{z}}eroski, Sa{\v{s}}o and
            Gunde-Cimerman, Nina},
  journal = {Fungal Diversity},
  volume = {76},
  pages = {97--118},
  year = {2016},
  publisher = {Springer},
}
@article{hifney2022microbial,
  title = {Microbial and microscopic investigations to assess the susceptibility
           of Candida parapsilosis and Prototheca ciferrii to phyco-synthesized
           titanium dioxide nanoparticles and antimicrobial drugs},
  author = {Hifney, Awatief F and Soliman, Zeinab and Ali, Esmat F and Hussein,
            Nemmat A},
  journal = {South African Journal of Botany},
  volume = {151},
  pages = {791--799},
  year = {2022},
  publisher = {Elsevier},
}
@book{macintyre1985molecular,
  title = {Molecular evolutionary genetics},
  author = {MacIntyre, Ross J},
  year = {1985},
  publisher = {Springer},
}
@article{gheorghiu2020influence,
  title = {The influence of base pair tautomerism on single point mutations in
           aqueous DNA},
  author = {Gheorghiu, A and Coveney, PV and Arabi, AA},
  journal = {Interface focus},
  volume = {10},
  number = {6},
  pages = {20190120},
  year = {2020},
  publisher = {The Royal Society},
}
@article{bergeron2023evolution,
  title = {Evolution of the germline mutation rate across vertebrates},
  author = {Bergeron, Lucie A and Besenbacher, S{\o}ren and Zheng, Jiao and Li,
            Panyi and Bertelsen, Mads Frost and Quintard, Benoit and Hoffman,
            Joseph I and Li, Zhipeng and St. Leger, Judy and Shao, Changwei and
            others},
  journal = {Nature},
  volume = {615},
  number = {7951},
  pages = {285--291},
  year = {2023},
  publisher = {Nature Publishing Group UK London},
}



